<?xml version="1.0" encoding="UTF-8"?><collection xmlns="http://www.loc.gov/MARC21/slim"><record><leader>00491nam--2200133-i-4500</leader><controlfield tag="001">000011385</controlfield><controlfield tag="002">20161230</controlfield><controlfield tag="005">20170107164721</controlfield><controlfield tag="008">060222s1000------------r-----000-0-eng-d</controlfield><datafield ind1=" " ind2=" " tag="245"><subfield code="a">Colloque international sur l analyse par activation de tres faibles quantities d elements au c.e.n.saclay, du 2 au 9 oct., 1972. publie dans le journal of radioanalytical chemistry</subfield></datafield><datafield ind1=" " ind2=" " tag="260"><subfield code="a">Budapest</subfield><subfield code="b">Akad©♭miai Kiad©đ</subfield><subfield code="c">1972</subfield></datafield><datafield ind1=" " ind2=" " tag="300"><subfield code="a">VIII+390 p</subfield></datafield><datafield ind1=" " ind2=" " tag="852"><subfield code="a">543.53(061.3)</subfield></datafield><datafield ind1=" " ind2=" " tag="CAT"><subfield code="a">SYS</subfield><subfield code="c">20170107</subfield><subfield code="h">164721</subfield></datafield></record></collection>